@Misc{FEniCSx_2023,
  author    = {Baratta, Igor A. and Dean, Joseph P. and Dokken, Jørgen S. and Habera, Michal and Hale, Jack S. and Richardson, Chris N. and Rognes, Marie E. and Scroggs, Matthew W. and Sime, Nathan and Wells, Garth N.},
  month     = dec,
  title     = {{DOLFINx: The next generation FEniCS problem solving environment}},
  year      = {2023},
  doi       = {10.5281/zenodo.10447666},
  publisher = {Zenodo},
}

@InBook{Bertrand_Hypercircle_2020,
  author  = {Bertrand, Fleurianne and Boffi, Daniele},
  chapter = {The Prager–Synge theorem in reconstructionbased a posteriori error estimation},
  pages   = {45-67},
  title   = {75 Years of Mathematics of Computation},
  year    = {2020},
  series  = {Contemporary Mathematics},
  volume  = {754},
  doi     = {10.1090/conm/754/15152},
}

@Article{Bertrand_EqlbElast_2021,
  author   = {Bertrand, Fleurianne and Kober, Bernhard and Moldenhauer, Marcel and Starke, Gerhard},
  journal  = {Numer. Methods Partial Differ. Equ.},
  title    = {Weakly symmetric stress equilibration and a posteriori error estimation for linear elasticity},
  year     = {2021},
  number   = {4},
  pages    = {2783-2802},
  volume   = {37},
  doi      = {10.1002/num.22741},
}

@Article{Bertrand_HHO_2023,
  author   = {Bertrand, Fleurianne and Carstensen, Carsten and Gräßle, Benedikt and Tran, Ngoc Tien},
  journal  = {Numer. Math.},
  title    = {Stabilization-free HHO a posteriori error control},
  year     = {2023},
  number   = {3},
  pages    = {369--408},
  volume   = {154},
  doi      = {10.1007/s00211-023-01366-8},
}

@Article{Braess_EqlbFluxes_2008,
  author    = {Dietrich Braess and Joachim Schöberl},
  journal   = {Math. Comput.},
  title     = {Equilibrated Residual Error Estimator for Edge Elements},
  year      = {2008},
  number    = {262},
  pages     = {651--672},
  volume    = {77},
  publisher = {American Mathematical Society},
}

@Article{Cai_SemiexplzEqlb_2012,
  author   = {Cai, Zhiqiang and Zhang, Shun},
  journal  = {SIAM J. Numer. Anal.},
  title    = {Robust Equilibrated Residual Error Estimator for Diffusion Problems: Conforming Elements},
  year     = {2012},
  number   = {1},
  pages    = {151-170},
  volume   = {50},
  doi      = {10.1137/100803857},
}

@Article{Ern_FluxEqlb_2015,
  author   = {Ern, Alexandre and Vohralík, Martin},
  journal  = {SIAM J. Numer. Anal.},
  title    = {Polynomial-Degree-Robust A Posteriori Estimates in a Unified Setting for Conforming, Nonconforming, Discontinuous Galerkin, and Mixed Discretizations},
  year     = {2015},
  number   = {2},
  pages    = {1058-1081},
  volume   = {53},
  doi      = {10.1137/130950100},
}

@Article{Prager_Equilibartion_1947,
  author    = {W. Prager and J. L. Synge},
  journal   = {Q. Appl. Math.},
  title     = {Approximations in elasticity based on the concept of function space},
  year      = {1947},
  number    = {3},
  pages     = {241--269},
  volume    = {5},
  publisher = {Brown University},
}

@Article{Riviere_ApostPoissonCoeffDG_2003,
  author      = {B. Rivière and M.F. Wheeler},
  journal     = {Comput. Math. Appl.},
  title       = {A Posteriori error estimates for a discontinuous galerkin method applied to elliptic problems},
  year        = {2003},
  issn        = {0898-1221},
  number      = {1},
  pages       = {141-163},
  volume      = {46},
  doi         = {10.1016/S0898-1221(03)90086-1},
}

@Article{Basix_2022,
  author     = {Scroggs, Matthew W. and Dokken, J\o{}rgen S. and Richardson, Chris N. and Wells, Garth N.},
  journal    = {ACM Trans. Math. Softw.},
  title      = {Construction of Arbitrary Order Finite Element Degree-of-Freedom Maps on Polygonal and Polyhedral Cell Meshes},
  year       = {2022},
  issn       = {0098-3500},
  month      = {may},
  number     = {2},
  volume     = {48},
  address    = {New York, NY, USA},
  articleno  = {18},
  doi        = {10.1145/3524456},
  issue_date = {June 2022},
}

@data{DatsetPaper,
author = {Brodbeck, Maximilian and Bertrand, Fleurianne and Ricken, Tim},
publisher = {DaRUS},
title = {{AFEM-by-Equilibration}},
year = {2024},
version = {V1},
doi = {10.18419/DARUS-4500},
}

@Article{BankWeiser_EE_1985,
  author    = {R. E. Bank and A. Weiser},
  journal   = {Mathematics of Computation},
  title     = {Some A Posteriori Error Estimators for Elliptic Partial Differential Equations},
  year      = {1985},
  number    = {170},
  pages     = {283--301},
  volume    = {44},
  doi       = {10.2307/2007953},
  publisher = {American Mathematical Society},
}

@Article{Bulle_BankWeiserApeFenics_2021,
  author   = {Raphael Bulle and Jack S. Hale and Alexei Lozinski and Stephane P.A. Bordas and Franz Chouly},
  journal  = {Computers \& Mathematics with Applications},
  title    = {Hierarchical a posteriori error estimation of Bank–Weiser type in the FEniCS Project},
  year     = {2023},
  pages    = {103-123},
  volume   = {131},
  doi      = {10.1016/j.camwa.2022.11.009},
}

@Article{Rognes_AutomatedEE_2013,
  author   = {Rognes, Marie E. and Logg, Anders},
  journal  = {SIAM Journal on Scientific Computing},
  title    = {Automated Goal-Oriented Error Control I: Stationary Variational Problems},
  year     = {2013},
  number   = {3},
  pages    = {C173-C193},
  volume   = {35},
  doi      = {10.1137/10081962X},
}