@article{alnaes2015fenics,
  title     = {The {FEniCS} Project Version 1.5},
  journal   = {Archive of Numerical Software},
  volume    = {3},
  year      = {2015},
  month     = {12/2015},
  publisher = {Open Journal Systems, sponsored by the University of Heidelberg},
  author    = {Martin Sandve {Aln{\ae}s} and Blechta, Jan and Johan Elon {Hake} and Johansson, August and Kehlet, Benjamin and Logg, Anders and Richardson, Chris and Ring, Johannes and Marie E. {Rognes} and Garth N. {Wells}}
}

@article{arthurs2016,
  author  = {C. J. Arthurs and K. D. Lau and K. N. Asrress and S. R. Redwood and C. A. Figueroa},
  title   = {A mathematical model of coronary blood flow control: simulation of patient-specific three-dimensional hemodynamics during exercise},
  journal = {Am J Physiol Heart Circ Physiol},
  year    = {2016},
  pages   = {H1242--H1258},
  volume  = {310},
  number  = {9},
  doi     = {10.1152/ajpheart.00517.2015}
}

@techreport{balay2022-petsc,
  author      = {S. Balay and S. Abhyankar and M. F. Adams and S. Benson and J. Brown
                 and P. Brune and K. Buschelman and E. Constantinescu and L. Dalcin and A. Dener
                 and V. Eijkhout and W. D. Gropp and V. Hapla and T. Isaac and P. Jolivet
                 and D. Karpeev and D. Kaushik and M. G. Knepley and F. Kong and S. Kruger
                 and D. A. May and L. C. McInnes and R. T. Mills and L. Mitchell and T. Munson
                 and J. E. Roman and K. Rupp and P. Sanan and J. Sarich and B. F. Smith
                 and S. Zampini and H. Zhang and H. Zhang and J. Zhang},
  title       = {{PETSc/TAO} Users Manual},
  institution = {Argonne National Laboratory},
  number      = {ANL-21/39 - Revision 3.17},
  year        = {2022}
}

@misc{baratta2023dolfinx,
  author    = {Baratta, Igor A. and
               Dean, Joseph P. and
               Dokken, JÃ¸rgen S. and
               Habera, Michal and
               Hale, Jack S. and
               Richardson, Chris N. and
               Rognes, Marie E. and
               Scroggs, Matthew W. and
               Sime, Nathan and
               Wells, Garth N.},
  title     = {{DOLFINx: The next generation FEniCS problem 
               solving environment}},
  month     = dec,
  year      = 2023,
  publisher = {Zenodo},
  doi       = {10.5281/zenodo.10447666}
}

@article{bonini2022-suppl,
  author  = {M. Bonini and M. Hirschvogel and Y. Ahmed and H. Xu and A. Young and P. C. Tang and D. Nordsletten},
  title   = {Hemodynamic Modeling for Mitral Regurgitation},
  journal = {The Journal of Heart and Lung Transplantation},
  year    = {2022},
  pages   = {S218--S219},
  volume  = {41},
  number  = {4 (Supplement)},
  doi     = {10.1016/j.healun.2022.01.1685}
}

@article{chapelle2012,
  author  = {D. Chapelle and P. Le Tallec and P. Moireau and M. Sorine},
  title   = {Energy-preserving muscle tissue model: formulation and compatible discretizations},
  journal = {Journal for Multiscale Computational Engineering},
  year    = {2012},
  pages   = {189--211},
  volume  = {10},
  number  = {2},
  doi     = {10.1615/IntJMultCompEng.2011002360}
}

@article{colciago2014,
  author  = {C. M. Colciago and S. Deparis and A. Quarteroni},
  title   = {Comparisons between reduced order models and full {3D} models for fluid-structure interaction problems in haemodynamics},
  journal = {Journal of Computational and Applied Mathematics},
  year    = {2014},
  pages   = {120--138},
  volume  = {265},
  number  = {},
  doi     = {10.1016/j.cam.2013.09.049}
}

@article{demiray1972,
  author  = {H. Demiray},
  title   = {A note on the elasticity of soft biological tissues},
  journal = {Journal of Biomechanics},
  year    = {1972},
  pages   = {309--311},
  volume  = {5},
  number  = {3},
  doi     = {10.1016/0021-9290(72)90047-4}
}

@article{donea1982,
  author  = {J. Donea and S. Giuliani and J.P. Halleux},
  title   = {An arbitrary {Lagrangian}-{Eulerian} finite element method for transient dynamic fluid-structure interactions},
  journal = {Computer Methods in Applied Mechanics and Engineering},
  year    = {1982},
  pages   = {689--723},
  volume  = {33},
  number  = {1--3},
  doi     = {10.1016/0045-7825(82)90128-1}
}

@article{duarte2004,
  author  = {F. Duarte and R. Gormaz and S. Natesan},
  title   = {{Arbitrary Lagrangian--Eulerian} method for {Navier--Stokes} equations with moving boundaries},
  journal = {Computer Methods in Applied Mechanics and Engineering},
  year    = {2004},
  pages   = {4819--4836},
  volume  = {193},
  number  = {45--47},
  doi     = {10.1016/j.cma.2004.05.003}
}

@article{esmailymoghadam2011,
  author  = {M. Esmaily Moghadam and Y. Bazilevs and T.-Y. Hsia and I. E. Vignon-Clementel and A. L. Marsden and {Modeling of Congenital Hearts Alliance (MOCHA)}},
  title   = {A comparison of outlet boundary treatments for prevention of backflow divergence with relevance to blood flow simulations},
  journal = {Computational Mechanics},
  year    = {2011},
  pages   = {277--291},
  volume  = {48},
  number  = {3},
  doi     = {10.1007/s00466-011-0599-0}
}

@article{garciavillalba2021,
  author  = {M. Garc{\'i}a-Villalba and L. Rossini and A. Gonzalo and D. Vigneault and P. Martinez-Legazpi and E. Dur{\'a}n and O. Flores and J. Bermejo and E. McVeigh and A. M. Kahn and J. C. {\'A}lamo},
  title   = {Demonstration of Patient-Specific Simulations to Assess Left Atrial Appendage Thrombogenesis Risk},
  journal = {Front Physiol},
  year    = {2021},
  pages   = {},
  volume  = {12},
  number  = {596596},
  doi     = {10.3389/fphys.2021.596596 }
}

@article{gee2010,
  author  = {M. W. Gee and Ch. F{\"o}rster and W. A. Wall},
  title   = {A computational strategy for prestressing patient-specific biomechanical problems under finite deformation},
  journal = {International Journal for Numerical Methods in Biomedical Engineering},
  year    = {2010},
  pages   = {52--72},
  volume  = {26},
  number  = {1},
  doi     = {10.1002/cnm.1236}
}

@article{hessenthaler2017,
  author  = {A. Hessenthaler and O. R{\"o}hrle and D. Nordsletten},
  title   = {Validation of a non-conforming monolithic fluid-structure interaction method using phase-contrast {MRI}},
  journal = {Int J Numer Method Biomed Eng},
  year    = {2017},
  pages   = {e2845},
  volume  = {33},
  number  = {8},
  doi     = {10.1002/cnm.2845}
}

@article{hirschvogel2017,
  author  = {M. Hirschvogel and M. Bassilious and L. Jagschies and S. M. Wildhirt and M. W. Gee},
  title   = {A monolithic {3D}-{0D} coupled closed-loop model of the heart and the vascular system: {Experiment}-based parameter estimation for patient-specific cardiac mechanics},
  journal = {Int J Numer Method Biomed Eng},
  year    = {2017},
  pages   = {e2842},
  volume  = {33},
  number  = {8},
  doi     = {10.1002/cnm.2842}
}

@article{hirschvogel2024-ambit,
  author    = {M. Hirschvogel},
  title     = {{Ambit} -- {A} {FEniCS}-based cardiovascular multi-physics solver},
  journal   = {Journal of Open Source Software},
  year      = {2024},
  publisher = {The Open Journal},
  volume    = {9},
  number    = {93},
  pages     = {5744},
  doi       = {10.21105/joss.05744}
}

@article{hirschvogel2024-frsi,
  author  = {M. Hirschvogel and M. Balmus and M. Bonini and D. Nordsletten},
  title   = {Fluid-reduced-solid interaction ({FrSI}): {Physics}- and projection-based model reduction for cardiovascular applications},
  journal = {Journal of Computational Physics},
  volume  = {506},
  pages   = {112921},
  year    = {2024},
  issn    = {0021-9991},
  doi     = {10.1016/j.jcp.2024.112921}
}

@article{hirschvogel2025-prec,
  author  = {M. Hirschvogel and M. Bonini and M. Balmus and D. Nordsletten},
  title   = {Effective Block Preconditioners for Fluid Dynamics Coupled to Reduced Models of a Non-Local Nature},
  journal = {Computer Methods in Applied Mechanics and Engineering},
  year    = {2025},
  pages   = {117541},
  volume  = {435},
  number  = {},
  doi     = {10.1016/j.cma.2024.117541}
}

@inbook{hoffman2003,
  author    = {J. Hoffman and C. Johnson},
  editor    = {Barth, Timothy J. and Deconinck, Herman},
  title     = {{Adaptive Finite Element Methods for Incompressible Fluid Flow}},
  booktitle = {Error Estimation and Adaptive Discretization Methods in Computational Fluid Dynamics},
  year      = {2003},
  publisher = {Springer Berlin Heidelberg},
  address   = {Berlin, Heidelberg},
  pages     = {97--157},
  isbn      = {978-3-662-05189-4},
  doi       = {10.1007/978-3-662-05189-4_3}
}

@book{holzapfel2000,
  author    = {G. A. Holzapfel},
  title     = {Nonlinear Solid Mechanics -- {A} Continuum Approach for Engineering},
  publisher = {Wiley Press Chichester},
  year      = {2000}
}

@article{holzapfel2009,
  author  = {G. A. Holzapfel and R. W. Ogden},
  title   = {Constitutive modelling of passive myocardium: {A} structurally based framework for material characterization},
  journal = {Phil Trans R Soc A},
  year    = {2009},
  pages   = {3445--3475},
  volume  = {367},
  number  = {1902},
  doi     = {10.1098/rsta.2009.0091}
}

@inbook{johnson1998,
  author    = {C. Johnson},
  editor    = {Quarteroni, Alfio},
  title     = {Adaptive finite element methods for conservation laws},
  booktitle = {Advanced Numerical Approximation of Nonlinear Hyperbolic Equations: Lectures given at the 2nd Session of the Centro Internazionale Matematico Estivo (C.I.M.E.) held in Cetraro, Italy, June 23--28, 1997},
  year      = {1998},
  publisher = {Springer Berlin Heidelberg},
  address   = {Berlin, Heidelberg},
  pages     = {269--323},
  isbn      = {978-3-540-49804-9},
  doi       = {10.1007/BFb0096354}
}

@inbook{kikinis2014-3dslicer,
  author    = {R. Kikinis and S. D. Pieper and K. G. Vosburgh},
  editor    = {Jolesz, Ferenc A.},
  title     = {{3D Slicer: A Platform for Subject-Specific Image Analysis, Visualization, and Clinical Support}},
  booktitle = {Intraoperative Imaging and Image-Guided Therapy},
  year      = {2014},
  publisher = {Springer New York},
  address   = {New York, NY},
  pages     = {277--289},
  isbn      = {978-1-4614-7657-3},
  doi       = {10.1007/978-1-4614-7657-3\_19}
}

@article{mccormick2011modelling,
  title     = {Modelling left ventricular function under assist device support},
  author    = {McCormick, M and Nordsletten, D and Kay, D and Smith, N},
  journal   = {International Journal for Numerical Methods in Biomedical Engineering},
  volume    = {27},
  number    = {7},
  pages     = {1073--1095},
  year      = {2011},
  publisher = {Wiley Online Library},
  doi       = {10.1002/cnm.1428}
}

@article{meurer2017-sympy,
  title    = {{SymPy}: symbolic computing in {Python}},
  author   = {Meurer, Aaron and Smith, Christopher P. and Paprocki, Mateusz and \v{C}ert\'{i}k, Ond\v{r}ej and Kirpichev, Sergey B. and Rocklin, Matthew and Kumar, AMiT and Ivanov, Sergiu and Moore, Jason K. and Singh, Sartaj and Rathnayake, Thilina and Vig, Sean and Granger, Brian E. and Muller, Richard P. and Bonazzi, Francesco and Gupta, Harsh and Vats, Shivam and Johansson, Fredrik and Pedregosa, Fabian and Curry, Matthew J. and Terrel, Andy R. and Rou\v{c}ka, \v{S}t\v{e}p\'{a}n and Saboo, Ashutosh and Fernando, Isuru and Kulal, Sumith and Cimrman, Robert and Scopatz, Anthony},
  year     = 2017,
  month    = jan,
  keywords = {Python, Computer algebra system, Symbolics},
  volume   = 3,
  pages    = {e103},
  journal  = {PeerJ Computer Science},
  issn     = {2376-5992},
  doi      = {10.7717/peerj-cs.103}
}

@article{nordsletten2011-fsi,
  author  = {D. A. Nordsletten and M. McCormick and P. J. Kilner and P. Hunter and D. Kay and N. P. Smith},
  title   = {Fluid-solid coupling for the investigation of diastolic and systolic human left ventricular function},
  journal = {International Journal for Numerical Methods in Biomedical Engineering},
  year    = {2011},
  pages   = {1017--1039},
  volume  = {27},
  number  = {7},
  doi     = {10.1002/cnm.1405}
}

@article{rathinam2003,
  author  = {M. Rathinam and L. R. Petzold},
  title   = {A New Look at Proper Orthogonal Decomposition},
  journal = {{SIAM} Journal on Numerical Analysis},
  year    = {2003},
  pages   = {1893--1925},
  volume  = {41},
  number  = {5},
  doi     = {10.1137/S0036142901389049}
}

@article{saad1993,
  author  = {Y. Saad},
  title   = {A Flexible Inner-Outer Preconditioned {GMRES} Algorithm},
  journal = {{SIAM} J Sci and Stat Comput},
  year    = {1993},
  pages   = {461--469},
  volume  = {14},
  number  = {2},
  doi     = {10.1137/0914028}
}

@article{schein2021,
  author  = {A. Schein and M. W. Gee},
  title   = {Greedy maximin distance sampling based model order reduction of prestressed and parametrized abdominal aortic aneurysms},
  journal = {Advanced Modeling and Simulation in Engineering Sciences},
  year    = {2021},
  pages   = {},
  volume  = {8},
  number  = {18},
  doi     = {10.1186/s40323-021-00203-7}
}

@article{schwarz2023,
  author  = {E. L. Schwarz and L. Pegolotti and M. R. Pfaller and A. L. Marsden},
  title   = {Beyond {CFD}: Emerging methodologies for predictive simulation in cardiovascular health and disease},
  journal = {Biophys Rev (Melville)},
  year    = {2023},
  pages   = {011301},
  volume  = {4},
  number  = {1},
  doi     = {10.1063/5.0109400}
}

@software{simmodeler,
  author  = {{Simmetrix Inc.}},
  title   = {{SimModeler (Version 2023.0) [Computer Software]}},
  url     = {http://simmetrix.com},
  version = {2023.0},
  year    = {2023}
}

@article{shamanskiy2021,
  author  = {A. Shamanskiy and B. Simeon},
  title   = {Mesh moving techniques in fluid-structure interaction: robustness, accumulated distortion and computational efficiency},
  journal = {Computational Mechanics},
  year    = {2021},
  pages   = {583--600},
  volume  = {67},
  number  = {},
  doi     = {10.1007/s00466-020-01950-x}
}

@article{zingaro2023,
  author  = {A. Zingaro and M. Bucelli and I. Fumagalli and L. Dede' and A. Quarteroni},
  title   = {Modeling isovolumetric phases in cardiac flows by an {Augmented Resistive Immersed Implicit Surface} method},
  journal = {International Journal for Numerical Methods in Engineering},
  year    = {2023},
  pages   = {e3767},
  volume  = {39},
  number  = {12},
  doi     = {10.1002/cnm.3767}
}
