
@article{alnaes2015fenics,
  title     = {The FEniCS Project Version 1.5},
  journal   = {Archive of Numerical Software},
  volume    = {3},
  year      = {2015},
  month     = {12/2015},
  publisher = {Open Journal Systems, sponsored by the University of Heidelberg},
  author    = {Martin Sandve {Aln{\ae}s} and Blechta, Jan and Johan Elon {Hake} and Johansson, August and Kehlet, Benjamin and Logg, Anders and Richardson, Chris and Ring, Johannes and Marie E. {Rognes} and Garth N. {Wells}}
}

@misc{baratta2023dolfinx,
  author       = {Baratta, Igor A. and
                  Dean, Joseph P. and
                  Dokken, Jørgen S. and
                  Habera, Michal and
                  Hale, Jack S. and
                  Richardson, Chris N. and
                  Rognes, Marie E. and
                  Scroggs, Matthew W. and
                  Sime, Nathan and
                  Wells, Garth N.},
  title        = {{DOLFINx: The next generation FEniCS problem solving environment}},
  month        = dec,
  year         = 2023,
  publisher    = {Zenodo},
  doi          = {10.5281/zenodo.10447666}
}

@book{wilcox_turbulence_2006,
	address = {La Canada, Calif},
	edition = {3rd ed},
	title = {Turbulence modeling for {CFD}},
	isbn = {9781928729082},
	publisher = {DCW Industries},
	author = {Wilcox, David C.},
	year = {2006},
	keywords = {Turbulence, Computational fluid dynamics},
}

@article{lam_modified_1981,
	title = {A {Modified} {Form} of the k-e {Model} for {Predicting} {Wall} {Turbulence}},
	volume = {103},
	issn = {0098-2202, 1528-901X},
	doi = {10.1115/1.3240815},
	language = {en},
	number = {3},
	urldate = {2024-06-01},
	journal = {Journal of Fluids Engineering},
	author = {Lam, C. K. G. and Bremhorst, K.},
	month = sep,
	year = {1981},
	pages = {456--460},
}

@book{boussinesq__essai_1877,
	address = {Paris},
	title = {Essai sur la théorie des eaux courantes},
	language = {fre},
	urldate = {2024-06-01},
	publisher = {Impr. nationale},
	author = {Boussinesq , Joseph},
	year = {1877},
	note = {in-4. Mémoires présentés par divers savants à l'Académie des sciences de l'Institut de France.},
}

@book{greenshields_notes_2022,
	address = {Reading, UK},
	title = {Notes on computational fluid dynamics: general principles},
	isbn = {9781399920780},
	shorttitle = {Notes on computational fluid dynamics},
	language = {eng},
	publisher = {CFD Direct Limited},
	author = {Greenshields, Christopher J. and Weller, Henry G.},
	year = {2022}
}

@article{lew_note_2001,
	title = {A {Note} on the {Numerical} {Treatment} of the k-epsilon {Turbulence} {Model}*},
	volume = {14},
	issn = {1061-8562, 1029-0257},
	doi = {10.1080/10618560108940724},
	language = {en},
	number = {3},
	urldate = {2024-06-01},
	journal = {International Journal of Computational Fluid Dynamics},
	author = {Lew†, Adrian J. and Buscaglia, Gustavo C. and Carrica, Pablo M.},
	month = jan,
	year = {2001},
	pages = {201--209},
}

@article{schimdt_two-equation_1988,
	author = {Schmidt, Rodney and Patankar, S.V.},
	year = {1988},
	month = {05},
	pages = {},
	title = {Two-equation low-Reynolds-number turbulence modeling of transitional boundary layer flows characteristic of gas turbine blades. Ph. D. Thesis.},
    journal = {-}
}

@article{lee_direct_2015,
	title = {Direct numerical simulation of turbulent channel flow up to $\mathit{Re}_{{\it\tau}}\approx 5200$},
	volume = {774},
	copyright = {https://www.cambridge.org/core/terms},
	issn = {0022-1120, 1469-7645},
	doi = {10.1017/jfm.2015.268},
	language = {en},
	urldate = {2024-06-01},
	journal = {Journal of Fluid Mechanics},
	author = {Lee, Myoungkyu and Moser, Robert D.},
	month = jul,
	year = {2015},
	pages = {395--415},
}

@article{driver_features_1985,
	title = {Features of a reattaching turbulent shear layer in divergent channel flow},
	volume = {23},
	issn = {0001-1452, 1533-385X},
	doi = {10.2514/3.8890},
	language = {en},
	number = {2},
	urldate = {2024-06-01},
	journal = {AIAA Journal},
	author = {Driver, David M. and Seegmiller, H. Lee},
	month = feb,
	year = {1985},
	pages = {163--171},
}

@misc{Ansys_Best_Practice,
  type = {Technical paper},
  title = {Best Practice: RANS Turbulence Modeling in Ansys CFD},
  author = {Menter, F.R. and Lechner, R. and Matyushenko, A.},
  year = {2021},
  url = {https://www.ansys.com/resource-center/technical-paper/best-practice-rans-turbulence-modeling-in-ansys-cfd}
  }

@misc{noauthor_cfd_nodate,
        key = {{CFD} Online}, 
        title = {Estimating the skin friction coefficient},
        year = {2024},
        note = {Accessed: 2024-01-06},
        url = {https://www.cfd-online.com/Wiki/Skin_friction_coefficient}
}

@article{mortensen_fenics-based_2011,
	title = {A {FEniCS}-based programming framework for modeling turbulent flow by the {Reynolds}-averaged {Navier}–{Stokes} equations},
	volume = {34},
	copyright = {https://www.elsevier.com/tdm/userlicense/1.0/},
	issn = {03091708},
	doi = {10.1016/j.advwatres.2011.02.013},
	language = {en},
	number = {9},
	urldate = {2025-01-31},
	journal = {Advances in Water Resources},
	author = {Mortensen, Mikael and Langtangen, Hans Petter and Wells, Garth N.},
	month = sep,
	year = {2011},
	pages = {1082--1101},
}

@inproceedings{steffen_jr._critical_1993,
	address = {Monterey},
	title = {A critical comparison of several low {Reynolds} number k-epsilon turbulence models for flow over a backward-facing step},
	doi = {10.2514/6.1993-1927},
	language = {en},
	urldate = {2025-02-24},
	booktitle = {29th {Joint} {Propulsion} {Conference} and {Exhibit}},
	publisher = {American Institute of Aeronautics and Astronautics},
	author = {Steffen, Jr., Christopher},
	month = jun,
	year = {1993},
}


@inproceedings{valen_implementing_2013,
    title = {Implementing a k-epsilon Turbulence Model in the FEniCS Finite
    Element Programming Environment.},
    author = {Valen-Sendstad, Kristian and Mortensen, Mikael and Langtangen, Hans Petter and Reif, Bjørn and Mardal, Kent-Andre},
    year = {2013},
    month = {10},
    pages = {},
    isbn = {978-82-519-2421-4}
}

@article{launder_application_1974,
	title = {Application of the energy-dissipation model of turbulence to the calculation of flow near a spinning disc},
	volume = {1},
	copyright = {https://www.elsevier.com/tdm/userlicense/1.0/},
	issn = {00944548},
	doi = {10.1016/0094-4548(74)90150-7},
	language = {en},
	number = {2},
	urldate = {2024-06-01},
	journal = {Letters in Heat and Mass Transfer},
	author = {Launder, B.E. and Sharma, B.I.},
	month = nov,
	year = {1974},
	pages = {131--137},
}
