% Dokken's IPCS repo

@misc{dokkenipcs,
  author={Jørgen S. Dokken},
  title={Simple IPCS solver for dolfinx},
  year={2024},
  url={github.com/jorgensd/dolfinx_ipcs},
}

@misc{pachevipcs,
  author={Benjamin Pachev},
  title={CUDA-accelerated IPCS solver for dolfinx},
  year={2024},
  url={github.com/bpachev/dolfinx_ipcs},
}

@misc{cudolfinxzenodo,
  author={Pachev, B. and Trotter, J. D. and Baratta, I. A.},
  title={Source code for cuDOLFINx: A CUDA extension for FEniCSx [Data set]. Zenodo.},
  doi={10.5281/zenodo.14867805},
  year={2025}
}

% Numerical method for the BDF2 approach

@article{dokken2019shape,
  title={Shape optimization using the finite element method on multiple meshes with Nitsche coupling},
  author={Dokken, J{\o}rgen S and Funke, Simon W and Johansson, August and Schmidt, Stephan},
  journal={SIAM Journal on Scientific Computing},
  volume={41},
  number={3},
  pages={A1923--A1948},
  year={2019},
  doi={10.1137/18M1189208},
  publisher={SIAM}
}

@article{alnaes2015fenics,
  title     = {The FEniCS Project Version 1.5},
  journal   = {Archive of Numerical Software},
  volume    = {3},
  year      = {2015},
  month     = {12/2015},
  doi       = {10.11588/ans.2015.100.20553},
  publisher = {Open Journal Systems, sponsored by the University of Heidelberg},
  author    = {Martin Sandve {Aln{\ae}s} and Blechta, Jan and Johan Elon {Hake} and Johansson, August and Kehlet, Benjamin and Logg, Anders and Richardson, Chris and Ring, Johannes and Marie E. {Rognes} and Garth N. {Wells}}
}

@misc{baratta2023dolfinx,
  author       = {Baratta, Igor A. and
                  Dean, Joseph P. and
                  Dokken, Jørgen S. and
                  Habera, Michal and
                  Hale, Jack S. and
                  Richardson, Chris N. and
                  Rognes, Marie E. and
                  Scroggs, Matthew W. and
                  Sime, Nathan and
                  Wells, Garth N.},
  title        = {{DOLFINx: The next generation FEniCS problem 
                   solving environment}},
  month        = dec,
  year         = 2023,
  publisher    = {Zenodo},
  doi          = {10.5281/zenodo.10447666},
}

%libCEED GPU

@article{abdelfattah2021gpu,
  title={{GPU} algorithms for efficient exascale discretizations},
  author={Abdelfattah, Ahmad and Barra, Valeria and Beams, Natalie and Bleile, Ryan and Brown, Jed and Camier, Jean-Sylvain and Carson, Robert and Chalmers, Noel and Dobrev, Veselin and Dudouit, Yohann and others},
  journal={Parallel Computing},
  volume={108},
  pages={102841},
  year={2021},
  doi={10.1016/j.parco.2021.102841},
  publisher={Elsevier}
}

% MFEM

@article{anderson2021mfem,
  title={{MFEM}: A modular finite element methods library},
  author={Anderson, Robert and Andrej, Julian and Barker, Andrew and Bramwell, Jamie and Camier, Jean-Sylvain and Cerveny, Jakub and Dobrev, Veselin and Dudouit, Yohann and Fisher, Aaron and Kolev, Tzanio and others},
  journal={Computers \& Mathematics with Applications},
  volume={81},
  pages={42--74},
  year={2021},
  doi={10.1016/j.camwa.2020.06.009},
  publisher={Elsevier}
}

% deal.II

@article{arndt2021deal,
  title={The deal. {II} finite element library: Design, features, and insights},
  author={Arndt, Daniel and Bangerth, Wolfgang and Davydov, Denis and Heister, Timo and Heltai, Luca and Kronbichler, Martin and Maier, Matthias and Pelteret, Jean-Paul and Turcksin, Bruno and Wells, David},
  journal={Computers \& Mathematics with Applications},
  volume={81},
  pages={407--422},
  year={2021},
  doi={10.1016/j.camwa.2020.02.022},
  publisher={Elsevier}
}

% GPU-CPU teams

@article{mittal2015survey,
  title={A survey of {CPU-GPU} heterogeneous computing techniques},
  author={Mittal, Sparsh and Vetter, Jeffrey S},
  journal={ACM Computing Surveys (CSUR)},
  volume={47},
  number={4},
  pages={1--35},
  year={2015},
  doi={10.1145/2788396},
  publisher={ACM New York, NY, USA}
}

% survey paper on GPU acceleration
@article{navarro2014survey,
  title={A survey on parallel computing and its applications in data-parallel problems using {GPU} architectures},
  author={Navarro, Cristobal A and Hitschfeld-Kahler, Nancy and Mateu, Luis},
  journal={Communications in Computational Physics},
  volume={15},
  number={2},
  pages={285--329},
  year={2014},
  doi={10.4208/cicp.110113.010813a},
  publisher={Cambridge University Press}
}

@article{fu2014architecting,
  title={Architecting the finite element method pipeline for the {GPU}},
  author={Fu, Zhisong and Lewis, T James and Kirby, Robert M and Whitaker, Ross T},
  journal={Journal of Computational and Applied Mathematics},
  volume={257},
  pages={195--211},
  year={2014},
  doi={10.1016/j.cam.2013.09.001},
  publisher={Elsevier}
}

% heat equation
@article{cecka2011assembly,
  title={Assembly of finite element methods on graphics processors},
  author={Cecka, Cris and Lew, Adrian J and Darve, Eric},
  journal={International Journal for Numerical Methods in Engineering},
  volume={85},
  number={5},
  pages={640--669},
  year={2011},
  doi={10.1002/nme.2989},
  publisher={Wiley Online Library}
}

%elasticity

@article{kiran2019gpu,
  title={{GPU}-warp based finite element matrices generation and assembly using coloring method},
  author={Kiran, Utpal and Sharma, Deepak and Gautam, Sachin Singh},
  journal={Journal of Computational Design and Engineering},
  volume={6},
  number={4},
  pages={705--718},
  year={2019},
  doi={10.1016/j.jcde.2018.11.001},
  publisher={Oxford University Press}
}


@article{MACIOL20101093,
title = {3{D} finite element numerical integration on {GPU}s},
journal = {Procedia Computer Science},
volume = {1},
number = {1},
pages = {1093-1100},
year = {2010},
note = {ICCS 2010},
issn = {1877-0509},
doi = {10.1016/j.procs.2010.04.121},
author = {Paweł Macioł and Przemysław Płaszewski and Krzysztof Banaś},
keywords = {GPGPU, Numerical integration, Finite elements, Parallel programming, Higher order approximation},
abstract = {The algorithmic and computational aspects of 3D finite element numerical integration on GPUs are investigated in the paper. The special stress is put on selecting the proper parallelization strategies depending upon the properties of FEM problems solved and approximations used. The close interplay between the available computational resources of GPUs and the possible implementation strategies and obtained results is observed.}
}

@article{dziekonski2013generation,
  title={Generation of large finite-element matrices on multiple graphics processors},
  author={Dziekonski, A and Sypek, Piotr and Lamecki, A and Mrozowski, Micha{\l}},
  journal={International Journal for Numerical Methods in Engineering},
  volume={94},
  number={2},
  pages={204--220},
  year={2013},
  doi={10.1002/nme.4452},
  publisher={Wiley Online Library}
}

@article{swirydowicz2019acceleration,
  title={Acceleration of tensor-product operations for high-order finite element methods},
  author={{\'S}wirydowicz, Kasia and Chalmers, Noel and Karakus, Ali and Warburton, Tim},
  journal={The International Journal of High Performance Computing Applications},
  volume={33},
  number={4},
  pages={735--757},
  year={2019},
  doi={10.1177/1094342018816368},
  publisher={SAGE Publications Sage UK: London, England}
}

% more element matrix stuff

@article{banas2014numerical,
  title={Numerical integration on {GPU}s for higher order finite elements},
  author={Bana{\'s}, Krzysztof and P{\l}aszewski, Przemys{\l}aw and Macio{\l}, Pawe{\l}},
  journal={Computers \& Mathematics with Applications},
  volume={67},
  number={6},
  pages={1319--1344},
  year={2014},
  doi={10.1016/j.camwa.2014.01.021},
  publisher={Elsevier}
}

% Citation for how low occupancy can actually be faster (shared memory vs registers)

@inproceedings{volkov2010better,
  title={Better performance at lower occupancy},
  author={Volkov, Vasily},
  booktitle={Proceedings of the GPU technology conference, GTC},
  volume={10},
  pages={16},
  year={2010},
  url={https://www.nvidia.com/content/gtc-2010/pdfs/2238_gtc2010.pdf},
  organization={San Jose, CA}
}

% GPU linear solvers and stuff
% PETSC GPU porting
@article{MILLS2021102831,
title = {Toward performance-portable {PETSc} for {GPU}-based exascale systems},
journal = {Parallel Computing},
volume = {108},
pages = {102831},
year = {2021},
issn = {0167-8191},
doi = {10.1016/j.parco.2021.102831},
author = {Richard Tran Mills and Mark F. Adams and Satish Balay and Jed Brown and Alp Dener and Matthew Knepley and Scott E. Kruger and Hannah Morgan and Todd Munson and Karl Rupp and Barry F. Smith and Stefano Zampini and Hong Zhang and Junchao Zhang},
keywords = {Numerical software, High-performance computing, GPU acceleration, Many-core, Performance portability, Exascale},
abstract = {The Portable Extensible Toolkit for Scientific computation (PETSc) library delivers scalable solvers for nonlinear time-dependent differential and algebraic equations and for numerical optimization. The PETSc design for performance portability addresses fundamental GPU accelerator challenges and stresses flexibility and extensibility by separating the programming model used by the application from that used by the library, and it enables application developers to use their preferred programming model, such as Kokkos, RAJA, SYCL, HIP, CUDA, or OpenCL, on upcoming exascale systems. A blueprint for using GPUs from PETSc-based codes is provided, and case studies emphasize the flexibility and high performance achieved on current GPU-based systems.}
}

% Ginkgo
@article{ginkgo-toms-2022,
title = {{Ginkgo: A Modern Linear Operator Algebra Framework for High Performance Computing}},
volume = {48},
copyright = {All rights reserved},
issn = {0098-3500},
shorttitle = {Ginkgo},
doi = {10.1145/3480935},
number = {1},
urldate = {2022-02-17},
journal = {ACM Transactions on Mathematical Software},
author = {Anzt, Hartwig and Cojean, Terry and Flegar, Goran and Göbel, Fritz and Grützmacher, Thomas and Nayak, Pratik and Ribizel, Tobias and Tsai, Yuhsiang Mike and Quintana-Ortí, Enrique S.},
month = feb,
year = {2022},
keywords = {ginkgo, healthy software lifecycle, High performance computing, multi-core and manycore architectures},
pages = {2:1--2:33}
}

% hypre 
@inproceedings{li2020efficient,
  title={Efficient parallel implementations of sparse triangular solves for {GPU} architectures},
  author={Li, Ruipeng and Zhang, Chaoyu},
  booktitle={Proceedings of the 2020 SIAM Conference on Parallel Processing for Scientific Computing},
  pages={106--117},
  year={2020},
  doi={10.1137/1.9781611976137.10},
  organization={SIAM}
}

@article{falgout2021porting,
  title={Porting \emph{hypre} to heterogeneous computer architectures: Strategies and experiences},
  author={Falgout, Robert D and Li, Ruipeng and Sj{\"o}green, Bj{\"o}rn and Wang, Lu and Yang, Ulrike Meier},
  journal={Parallel Computing},
  volume={108},
  pages={102840},
  year={2021},
  doi={10.1016/j.parco.2021.102840},
  publisher={Elsevier}
}

% AMGX
@article{naumov2015amgx,
  title={AmgX: A library for {GPU} accelerated algebraic multigrid and preconditioned iterative methods},
  author={Naumov, Maxim and Arsaev, Marat and Castonguay, Patrice and Cohen, Jonathan and Demouth, Julien and Eaton, Joe and Layton, Simon and Markovskiy, Nikolay and Reguly, Istv{\'a}n and Sakharnykh, Nikolai and others},
  journal={SIAM Journal on Scientific Computing},
  volume={37},
  number={5},
  pages={S602--S626},
  year={2015},
  doi={10.1137/140980260},
  publisher={SIAM}
}

% SuperLU

@article{li2023newly,
  title={Newly released capabilities in the distributed-memory SuperLU sparse direct solver},
  author={Li, Xiaoye S and Lin, Paul and Liu, Yang and Sao, Piyush},
  journal={ACM Transactions on Mathematical Software},
  volume={49},
  number={1},
  pages={1--20},
  year={2023},
  doi={10.1145/3577197},
  publisher={ACM New York, NY}
}

@article{lu2023tilesptrsv,
  title={Tilesptrsv: a tiled algorithm for parallel sparse triangular solve on {GPU}s},
  author={Lu, Zhengyang and Liu, Weifeng},
  journal={CCF Transactions on High Performance Computing},
  volume={5},
  number={2},
  pages={129--143},
  year={2023},
  doi={10.1007/s42514-023-00151-1},
  publisher={Springer}
}

% SWEMniCS

@article{dawson2024swemnics,
  title={{SWEMniCS}-A Software Toolbox for Modeling Coastal Ocean Circulation, Storm Surges, Inland, and Compound Flooding},
  journal={npj Natural Hazards},
  volume={1},
  number={1},
  pages={44},
  author={Dawson, Clint and Loveland, Mark and Pachev, Benjamin and Valseth, Eirik and Proft, Jennifer},
  doi={10.1038/s44304-024-00036-5},
  year={2024}
}

@misc{gh200specs,
  title={NVIDIA GH200 Data Sheet},
  year={2024},
   author={NVIDIA},
   url={resources.nvidia.com/en-us-grace-cpu/grace-hopper-superchip}
}

% James' original paper

@article{trotter2023targeting,
  title={Targeting performance and user-friendliness: {GPU-accelerated finite element computation with automated code generation in FEniCS}},
  author={Trotter, James D and Langguth, Johannes and Cai, Xing},
  journal={Parallel Computing},
  volume={118},
  pages={103051},
  year={2023},
  doi={10.1016/j.parco.2023.103051},
  publisher={Elsevier}
}

% NGSolve
@misc{schoberl2014c++,
  title={C++ 11 implementation of finite elements in {NGSolve}},
  author={Sch{\"o}berl, Joachim},
  organization={Institute for Analysis and Scientific Computing, Vienna University of Technology},
  doi={20.500.12708/28346},
  volume={30},
  year={2014}
}

% FreeFem++
@article{hecht2012new,
  title={New development in {FreeFem++}},
  author={Hecht, Fr{\'e}d{\'e}ric},
  journal={Journal of Numerical Mathematics},
  volume={20},
  number={3-4},
  pages={251--266},
  year={2012},
  doi={10.1515/jnum-2012-0013},
  publisher={De Gruyter}
}

%FireDrake

@manual{FiredrakeUserManual,
  title        = {Firedrake User Manual},
  author       = {David A. Ham and Paul H. J. Kelly and Lawrence Mitchell and Colin J. Cotter and Robert C. Kirby and Koki Sagiyama and Nacime Bouziani and Sophia Vorderwuelbecke and Thomas J. Gregory and Jack Betteridge and Daniel R. Shapero and Reuben W. Nixon-Hill and Connor J. Ward and Patrick E. Farrell and Pablo D. Brubeck and India Marsden and Thomas H. Gibson and Miklós Homolya and Tianjiao Sun and Andrew T. T. McRae and Fabio Luporini and Alastair Gregory and Michael Lange and Simon W. Funke and Florian Rathgeber and Gheorghe-Teodor Bercea and Graham R. Markall},
  organization = {Imperial College London and University of Oxford and Baylor University and University of Washington},
  edition      = {First edition},
  year         = {2023},
  month        = {5},
  doi          = {10.25561/104839},
}

@article{moxey2020nektar++,
  title={Nektar++: Enhancing the capability and application of high-fidelity spectral/hp element methods},
  author={Moxey, David and Cantwell, Chris D and Bao, Yan and Cassinelli, Andrea and Castiglioni, Giacomo and Chun, Sehun and Juda, Emilia and Kazemi, Ehsan and Lackhove, Kilian and Marcon, Julian and others},
  journal={Computer Physics Communications},
  volume={249},
  pages={107110},
  year={2020},
  doi={10.1016/j.cpc.2019.107110},
  publisher={Elsevier}
}
