@article{Kerckhoffs2012,
  author   = {Roy C.P. Kerckhoffs and Jeffrey H. Omens and Andrew D. McCulloch},
  doi      = {10.1016/j.mechrescom.2011.11.004},
  issn     = {00936413},
  journal  = {Mechanics Research Communications},
  keywords = {Cardiac growth,Circulation,Computer model,Overload,Remodeling,Ventricles},
  month    = {6},
  pages    = {40-50},
  pmid     = {22639476},
  title    = {A single strain-based growth law predicts concentric and eccentric cardiac growth during pressure and volume overload},
  volume   = {42},
  year     = {2012}
}

@article{Rodriguez1994,
  title   = {Stress-dependent finite growth in soft elastic tissues},
  journal = {Journal of Biomechanics},
  volume  = {27},
  number  = {4},
  pages   = {455-467},
  year    = {1994},
  issn    = {0021-9290},
  doi     = {10.1016/0021-9290(94)90021-3},
  author  = {Edward K. Rodriguez and Anne Hoger and Andrew D. McCulloch}
}

@article{Goktepe,
  author  = {Serdar Göktepe and Oscar John Abilez and Kevin Kit Parker and Ellen Kuhl},
  doi     = {10.1016/j.jtbi.2010.04.023},
  issn    = {00225193},
  issue   = {3},
  journal = {Journal of Theoretical Biology},
  title   = {A multiscale model for eccentric and concentric cardiac growth through sarcomerogenesis},
  volume  = {265},
  year    = {2010}
}
@article{Witzenburg2018,
  author    = {Colleen M. Witzenburg and Jeffrey W. Holmes},
  doi       = {10.1007/s12265-018-9793-1},
  issn      = {19375395},
  issue     = {2},
  journal   = {Journal of Cardiovascular Translational Research},
  keywords  = {Computational model,Growth,Hypertrophy,Myocardial infarction,Patient-specific modeling,Pressure overload,Volume overload},
  month     = {3},
  pages     = {109-122},
  pmid      = {29550925},
  publisher = {Springer New York LLC},
  title     = {Predicting the time course of ventricular dilation and thickening using a rapid compartmental model},
  volume    = {11},
  year      = {2018}
}
@book{Goriely2017,
  author    = {Alain Goriely},
  city      = {New York, NY},
  doi       = {10.1007/978-0-387-87710-5},
  isbn      = {978-0-387-87709-9},
  publisher = {Springer New York},
  title     = {The Mathematics and Mechanics of Biological Growth},
  volume    = {45},
  year      = {2017}
}
@article{Yavari2010,
  author   = {Arash Yavari},
  doi      = {10.1007/s00332-010-9073-y},
  issn     = {09388974},
  issue    = {6},
  journal  = {Journal of Nonlinear Science},
  keywords = {Geometric elasticity,Growth mechanics,Material manifold},
  month    = {12},
  pages    = {781-830},
  title    = {A geometric theory of growth mechanics},
  volume   = {20},
  year     = {2010}
}
@article{Erlich2024,
  author    = {A. Erlich and G. Zurlo},
  doi       = {10.1016/j.jmps.2024.105660},
  issn      = {00225096},
  journal   = {Journal of the Mechanics and Physics of Solids},
  keywords  = {Finite element simulation,Growth laws,Incompatibility,Metric curvature,Morphogenesis,Nonlinear elasticity,Variational methods,Vertex model},
  month     = {7},
  publisher = {Elsevier Ltd},
  title     = {Incompatibility-driven growth and size control during development},
  volume    = {188},
  year      = {2024}
}
@article{Holzapfel2002,
  author  = {Gerhard A Holzapfel},
  doi     = {10.1023/A:1020843529530},
  issn    = {1572-9648},
  issue   = {4},
  journal = {Meccanica},
  pages   = {489-490},
  title   = {Nonlinear Solid Mechanics: A Continuum Approach for Engineering Science},
  volume  = {37},
  year    = {2002}
}
@book{Marsden1983,
  author    = {J E Marsden and T J R Hughes},
  isbn      = {9780135610763},
  publisher = {Prentice-Hall},
  title     = {Mathematical Foundations of Elasticity},
  url       = {https://books.google.no/books?id=mKgyzexDuL0C},
  year      = {1983}
}
@article{Takamizawa1990,
  author  = {Keiichi Takamizawa and Takehisa Matsuda},
  doi     = {10.1115/1.2891992},
  issn    = {0021-8936},
  issue   = {2},
  journal = {Journal of Applied Mechanics},
  month   = {6},
  pages   = {321-329},
  title   = {Kinematics for Bodies Undergoing Residual Stress and its Applications to the Left Ventricle},
  volume  = {57},
  year    = {1990}
}
@article{Kondaurov1987,
  author  = {V I Kondaurov and L V Nikitin},
  doi     = {10.1016/0021-8928(87)90111-0},
  issn    = {0021-8928},
  issue   = {3},
  journal = {Journal of Applied Mathematics and Mechanics},
  pages   = {346-353},
  title   = {Finite strains of viscoelastic muscle tissue},
  volume  = {51},
  year    = {1987}
}
@article{Hsu1968,
  author    = {Feng-Hsiang Hsu},
  city      = {United States},
  doi       = {10.1016/0021-9290(68)90024-9},
  issn      = {0021-9290},
  issue     = {4},
  journal   = {Journal of biomechanics},
  keywords  = {Biomechanical Phenomena - methods,Cell Physiological Phenomena,Cell Proliferation,Compressive Strength - physiology,Computer Simulation,Elasticity,Growth - physiology,Mechanotransduction, Cellular - physiology,Models, Biological,Physical Stimulation - methods,Stress, Mechanical,Weight-Bearing - physiology},
  pages     = {303-311},
  publisher = {United States: Elsevier Ltd},
  title     = {The influences of mechanical loads on the form of a growing elastic body},
  volume    = {1},
  year      = {1968}
}

@article{Kroon2009,
  author   = {Wilco Kroon and Tammo Delhaas and Theo Arts and Peter Bovendeerd},
  doi      = {10.1007/s10237-008-0136-z},
  issn     = {16177959},
  issue    = {4},
  journal  = {Biomechanics and Modeling in Mechanobiology},
  keywords = {Adaptation,Cardiac mechanics,Finite element method,Remodeling},
  month    = {8},
  pages    = {301-309},
  pmid     = {18758835},
  title    = {Computational modeling of volumetric soft tissue growth: Application to the cardiac left ventricle},
  volume   = {8},
  year     = {2009}
}
@article{Erlich2023,
  author    = {A. Erlich and P. Recho},
  doi       = {10.1016/j.jmps.2023.105342},
  issn      = {00225096},
  journal   = {Journal of the Mechanics and Physics of Solids},
  keywords  = {Growth,Morphoelasticity,Morphogenesis,Size control,Solid tumor,Stress-modulated growth,Thermodynamics},
  month     = {9},
  publisher = {Elsevier Ltd},
  title     = {Mechanical feedback in regulating the size of growing multicellular spheroids},
  volume    = {178},
  year      = {2023}
}
@misc{Taber1998,
  author  = {Larry A Taber},
  journal = {J. theor. Biol},
  pages   = {201-213},
  title   = {Biomechanical Growth Laws for Muscle Tissue},
  volume  = {193},
  year    = {1998}
}
@article{Goodbrake2021,
  author    = {Christian Goodbrake and Alain Goriely and Arash Yavari},
  doi       = {10.1098/rspa.2020.0462},
  issn      = {14712946},
  issue     = {2245},
  journal   = {Proceedings of the Royal Society A: Mathematical, Physical and Engineering Sciences},
  keywords  = {Riemannian geometry,anelasticity,intermediate configuration,multiplicative decomposition},
  month     = {1},
  publisher = {Royal Society Publishing},
  title     = {The mathematical foundations of anelasticity: Existence of smooth global intermediate configurations},
  volume    = {477},
  year      = {2021}
}
@article{Erlich20242,
  author = {Alexander Erlich and Giuseppe Zurlo},
  month  = {12},
  title  = {The geometric nature of homeostatic stress in biological growth},
  doi    = {10.48550/arXiv.2412.16021},
  year   = {2024}
}
@inproceedings{oliveira2016comparison,
  title     = {Comparison of tetrahedral and hexahedral meshes for finite element simulation of cardiac electro-mechanics},
  author    = {Oliveira, Bernardo Lino de and Sundnes, Joakim},
  booktitle = {ECCOMAS Congress},
  year      = {2016}
}
@article{Goriely2007,
  author    = {Alain Goriely and Martine Ben Amar},
  doi       = {10.1007/s10237-006-0065-7},
  issn      = {16822978},
  issue     = {5},
  journal   = {Biomechanics and Modeling in Mechanobiology},
  pages     = {289-296},
  pmid      = {17123061},
  publisher = {Springer Verlag},
  title     = {On the definition and modeling of incremental, cumulative, and continuous growth laws in morphoelasticity},
  volume    = {6},
  year      = {2007}
}

@unpublished{DOLFINx,
  author       = {Baratta, Igor A. and Dean, Joseph P. and Dokken, Jørgen S. and HABERA, Michal and HALE, Jack and Richardson, Chris N. and Rognes, Marie E. and Scroggs, Matthew W. and Sime, Nathan and Wells, Garth N.},
  title        = {{DOLFINx}: The next generation {FEniCS} problem solving environment},
  language     = {English},
  year         = {30 December 2023},
  doi          = {10.5281/zenodo.10447666},
  organization = {FNR - Luxembourg National Research Fund}
}
